@book{lee,
  title={Riemannian manifolds: an introduction to curvature},
  author={Lee, J.M.},
  isbn={9780387983226},
  lccn={97014537},
  year={1997},
  series={Graduate texts in mathematics},
  publisher={Springer}
}

@book{dupont,
  title={Differential geometry},
  author={Dupont, J.L.},
  number={nr. 62},
  series={Lecture notes series},
  year={1993},
  publisher={Aarhus universitet, Matematisk institut}
}

@book{dupontk,
  title={K-theory},
  author={Dupont, J.L.},
  number={nr. 11},
  series={Lecture notes series},
  year={1968},
  publisher={Aarhus universitet, Matematisk institut}
} 

@book{hatcher,
  title={Algebraic topology},
  author={Hatcher, A.},
  isbn=9780521795401,
  lccn=00065166,
  url={http://books.google.com/books?id=BjKs86kosqgC},
  year=2002,
  publisher={Cambridge University Press}
}

@book{milnor,
  title={Morse Theory},
  author={Milnor, J.W.},
  isbn={9780691080086},
  lccn={63013729},
  series={Annals of mathematics studies},
  url={http://books.google.dk/books?id=A9QZZ3S\_QxwC},
  year={1963},
  publisher={Princeton University Press}
}

@book{bjorner,
  title={Combinatorics of Coxeter Groups},
  author={Bjorner, A. and Brenti, F.},
  isbn={9783540442387},
  lccn={2005923334},
  series={Graduate Texts in Mathematics},
  url={http://books.google.dk/books?id=OsaeruFjCRsC},
  year={2005},
  publisher={Springer}
}

@book{may,
  title={A Concise Course in Algebraic Topology},
  author={May, J.P.},
  isbn={9780226511832},
  lccn={99029613},
  series={Chicago Lectures in Mathematics},
  url={http://www.math.uchicago.edu/~may/CONCISE/ConciseRevised.pdf},
  year={1999},
  publisher={University of Chicago Press}
}

@article{grbic,
  author="Grbi\'{c}, J. and Terzi\'{c}, S",
  fjournal="Osaka Journal of Mathematics",
  journal="Osaka J. Math.",
  month=06,
  number=2,
  pages="439--460",
  publisher="Osaka University and Osaka City University, Departments of Mathematics",
  title="The integral Pontrjagin homology of the based loop space on a flag manifold",
  url="http://projecteuclid.org/euclid.ojm/1277298912",
  volume=47,
  year=2010
}

@book{hiller,
  title={Geometry of Coxeter groups},
  author={Hiller, H.},
  isbn={9780273085171},
  lccn={81013929},
  series={Research notes in mathematics},
  url={https://books.google.dk/books?id=7jzvAAAAMAAJ},
  year={1982},
  publisher={Pitman Pub.}
}
  
@book{mccleary,
  title={A User's Guide to Spectral Sequences},
  author={McCleary, J.},
  isbn={9780521567596},
  lccn={00059866},
  series={Cambridge Studies in Advanced Mathematics},
  url={https://books.google.dk/books?id=B5XPPXiezT0C},
  year={2001},
  publisher={Cambridge University Press}
}

@booklet{hatcherss,
  title={Spectral Sequences in Algebraic Topology},
  author={Hatcher, A.},
  url={http://www.math.cornell.edu/~hatcher/SSAT/SSATpage.html},
  year={2004}
}

@unpublished{bokstedt,
  title={bokstedt.pdf},
  author={B{\"o}kstedt, M.},
  url={http://home.math.au.dk/sstoltze/del-a/bokstedt.pdf},
  year={2013}
}